<record><leader>00000cas a2200000 a 4500</leader><controlfield tag="001">20601283</controlfield><controlfield tag="008">891106d19051975nyuwr ne      0    0eng c</controlfield><datafield ind1=" " ind2=" " tag="010"><subfield code="a">sn 89071206 </subfield></datafield><datafield ind1=" " ind2=" " tag="040"><subfield code="a">NYG</subfield><subfield code="b">eng</subfield><subfield code="c">NYG</subfield><subfield code="d">NYS</subfield><subfield code="d">PHA</subfield><subfield code="d">OCLCQ</subfield><subfield code="d">OCLCF</subfield></datafield><datafield ind1="1" ind2=" " tag="029"><subfield code="a">AU@</subfield><subfield code="b">000020594411</subfield></datafield><datafield ind1=" " ind2=" " tag="042"><subfield code="a">pcc</subfield></datafield><datafield ind1=" " ind2=" " tag="043"><subfield code="a">n-us-ny</subfield></datafield><datafield ind1="0" ind2="0" tag="245"><subfield code="a">Oneida Democratic union.</subfield></datafield><datafield ind1="1" ind2="3" tag="246"><subfield code="a">Oneida post and the lakeside press</subfield></datafield><datafield ind1=" " ind2=" " tag="260"><subfield code="a">Oneida, Madison Co., N.Y. :</subfield><subfield code="b">Baker &amp; Maxon,</subfield><subfield code="c">1905-1975.</subfield></datafield><datafield ind1=" " ind2=" " tag="300"><subfield code="a">v. :</subfield><subfield code="b">ill. ;</subfield><subfield code="c">56 cm.</subfield></datafield><datafield ind1=" " ind2=" " tag="310"><subfield code="a">Weekly</subfield></datafield><datafield ind1="0" ind2=" " tag="362"><subfield code="a">New ser., vol. 19, no. 77-8 (Jan. 26, 1905)- ; no. 27 (Oct. 9, 1975).</subfield></datafield><datafield ind1=" " ind2=" " tag="500"><subfield code="a">"The Oneida post and the lakeside press" appears in small type at the bottom of the masthead, 1937-1966.</subfield></datafield><datafield ind1=" " ind2=" " tag="500"><subfield code="a">Published by: Luke McHenry, &lt;1907-1909&gt;; and by: McHenry Press, Inc., &lt;1938&gt;-1975.</subfield></datafield><datafield ind1=" " ind2=" " tag="500"><subfield code="a">"One hundredth anniversary" special edition: Vol. C, no. 1 (May 26, 1955).</subfield></datafield><datafield ind1=" " ind2="0" tag="651"><subfield code="a">Oneida (N.Y.)</subfield><subfield code="v">Newspapers.</subfield></datafield><datafield ind1=" " ind2="0" tag="651"><subfield code="a">Madison County (N.Y.)</subfield><subfield code="v">Newspapers.</subfield></datafield><datafield ind1=" " ind2="7" tag="655"><subfield code="a">Newspapers.</subfield><subfield code="2">fast</subfield><subfield code="0">(OCoLC)fst01423814</subfield></datafield><datafield ind1=" " ind2="7" tag="651"><subfield code="a">New York (State)</subfield><subfield code="z">Madison County.</subfield><subfield code="2">fast</subfield><subfield code="0">(OCoLC)fst01209190</subfield></datafield><datafield ind1=" " ind2="7" tag="651"><subfield code="a">New York (State)</subfield><subfield code="z">Oneida.</subfield><subfield code="2">fast</subfield><subfield code="0">(OCoLC)fst01208777</subfield></datafield><datafield ind1=" " ind2=" " tag="752"><subfield code="a">United States</subfield><subfield code="b">New York</subfield><subfield code="c">Madison</subfield><subfield code="d">Oneida.</subfield></datafield><datafield ind1="0" ind2="0" tag="780"><subfield code="t">Oneida semi-weekly Democratic union</subfield><subfield code="w">(DLC)sn 86034964</subfield><subfield code="w">(OCoLC)13318125</subfield></datafield><datafield ind1="0" ind2="5" tag="780"><subfield code="t">Oneida post</subfield><subfield code="g">1936</subfield><subfield code="w">(DLC)sn 87070086</subfield><subfield code="w">(OCoLC)16164144</subfield></datafield><datafield ind1="0" ind2="5" tag="780"><subfield code="t">Lakeside press (Cleveland, N.Y.)</subfield><subfield code="g">1936</subfield><subfield code="w">(DLC)sn 83031225</subfield><subfield code="w">(OCoLC)9825225</subfield></datafield><datafield ind1="0" ind2="7" tag="785"><subfield code="t">Rome weekly patriot</subfield><subfield code="w">(DLC)sn 93063721</subfield><subfield code="w">(OCoLC)29539464</subfield></datafield><datafield ind1="0" ind2="7" tag="785"><subfield code="t">Weekly patriot-union</subfield><subfield code="w">(DLC)sn 93063826</subfield><subfield code="w">(OCoLC)27230131</subfield></datafield></record>